@misc(ref:ArwUserGuide,
TITLE="\uppercase{ARW} Version 3 Modeling System User's Guide",
AUTHOR="NCAR",
YEAR="2016",
NOTE="National Center for Atmospheric Research, 404pp. [Available online at http://www2.mmm.ucar.edu/wrf/users/docs/user\_guide\_V3.7/ARWUsersGuideV3.7.pdf]")

@misc(ref:CaseEtAl2011,
TITLE="A Real-Time \uppercase{MODIS} Vegetation Composite for Land Surface Models and Short-Term Forecasting",
AUTHOR="Jonathan L. Case and Frank L. LaFontaine and Sujay V. Kumar and Gary J. Jedlovec",
YEAR="2011",
NOTE="15th Symposium on Integrated Observing and Assimilation Systems for the Atmosphere, Oceans and Land Surface (IOAS-AOLS), 22-27 January 2011, AMS, Seattle, WA")

@misc(ref:ErodUserGuide,
TITLE="A Brief Description of New Dust Source Functions in \uppercase{NU-WRF} Version 7",
AUTHOR="Dongchul Kim and Eric Kemp and Mian Chin",
YEAR="2014",
NOTE="NASA Goddard Space Flight Center, 4pp")

@article(ref:PetersLidardEtAl2014,
TITLE="Integrated modeling of aerosol, cloud, precipitation, and land processes
at satellite-resolved scales with a \uppercase{NASA} \uppercase{U}nified
\uppercase{W}eather \uppercase{R}esearch and \uppercase{F}orecasting model",
AUTHOR="C. D. Peters-Lidard and E. M. Kemp and T. Matsui and 
Santanello, Jr., J. A. and S. V. Kumar and J. P. Jacob and T. Clune and 
W.-K. Tao and M. Chin and A. Hou and J. L. Case and D. Kim and K.-M. Kim and 
W. Lau and Y. Liu and J. Shi and D. Starr and Q. Tan and Z. Tao and 
B. Zaitchik and B. Zavodsky and S. Q. Zhang and M. Zupanski",
JOURNAL="Environmental Modeling and Software",
YEAR="2015",
VOLUME="67",
PAGES="149--159, doi:10.1016/j.envsoft.2015.01.007")
