
@misc(ref:ArwUserGuide,
TITLE="\uppercase{ARW} Version 3 Modeling System User's Guide",
AUTHOR="NCAR",
YEAR="2016",
NOTE="National Center for Atmospheric Research, 404pp. [Available online at http://www2.mmm.ucar.edu/wrf/users/docs/user\_guide\_V3.7/ARWUsersGuideV3.7.pdf]")

@article(ref:BarkerEtAl2012,
TITLE="The \uppercase{W}eather \uppercase{R}esearch and 
\uppercase{F}orecasting Model's Community Variational/Ensemble Data 
Assimilation System: \uppercase{WRFDA}",
AUTHOR="D. Barker and X.-Y. Huang and Z. Liu and T. Auligne and X. Zhang and S. Rugg and R. Ajjaji and A. Bourgeois and J. Bray and Y. Chen and M. Demirtas and Y.-R. Guo and T. Henderson and W. Huang and H.-C. Lin and J. Michalakes and S. Risvi and X. Zhang",
JOURNAL="Bulletin of the American Meteorological Society",
YEAR="2012",
VOLUME="93",
PAGES="831--843")

@misc(ref:BosilovichEtAl2015,
TITLE="\uppercase{MERRA}-2: \uppercase{I}nitial evaluation of the climate.",
AUTHOR="M. G. Bosilovich and S. Akella and L. Coy and R. Cullather and C. Draper and R. Gelaro and R. Kovach and Q. Liu and A. Molod and P. Norris and K. Wargan and W. Chao and R. Reichle and L. Takacs and Y. Vikhliaev and S. Bloom and A. Collow and S. Firth and G. Labow and G. Partyka and S. Pawson and O. Reale and S. D. Schubert and M. Suarez",
YEAR="2015",
NOTE="NASA Goddard Space Flight Center, Technical Report Series and Global Modeling and Assimilation, Volumn 42, NASA/TM-2015-104606, 136 pp. Under Review.")

@misc(ref:Casa2WrfUserGuide,
AUTHOR="Zhining Tao and Jossy P. Jacob and Eric Kemp",
TITLE="User Guide: \uppercase{CASA2WRF} for \uppercase{NU}-\uppercase{WRF}",
YEAR="2014",
NOTE="NASA Goddard Space Flight Center, 4pp")

@article(ref:ChinEtAl2002,
TITLE="Atmospheric sulfur cycle simulated in the global model 
\uppercase{GOCART}: \uppercase{M}odel description and global properties",
AUTHOR="M. Chin and R. B. Rood and S.-J. Lin and J.-F. Muller and A. M. 
Thompson",
JOURNAL="Journal of Geophysical Research",
YEAR="2002",
VOLUME="104",
PAGES="24671--24687")

@misc(ref:ErodUserGuide,
TITLE="A Brief Description of New Dust Source Functions in \uppercase{NU-WRF} Version 7",
AUTHOR="Dongchul Kim and Eric Kemp and Mian Chin",
YEAR="2014",
NOTE="NASA Goddard Space Flight Center, 4pp")

@article(ref:FreitasEtAl2011,
AUTHOR="S. R. Freitas and K. M. Longo and M. F. Alonso and M. Pirre and V. 
Marecal and G. Grell and R. Stockler and R. F. Mello and M. Sanchez Gacita",
TITLE="\uppercase{PREP-CHEM-SRC} 1.0: a preprocessor of trace gas and aerosol 
emission fields for regional and global atmospheric chemistry models",
JOURNAL="Geoscientific Model Development",
YEAR="2011",
VOLUME="4",
PAGES="419--433")

@misc(ref:GEDASUserGuide,
TITLE="Goddard \Uppercase{E}nsemble \Uppercase{D}ata \Uppercase{A}ssimilation \Uppercase{S}ystem for \Uppercase{NU-WRF}: \Uppercase{S}ystem \Uppercase{S}pecification",
AUTHOR="NASA",
YEAR="2016",
NOTE="NASA Goddard Space Flight Center, 15pp")

@article(ref:GinouxEtAl2012,
TITLE="Global-scale attribution of anthropogenic and natural dust sources and
their emission rates based on \uppercase{MODIS} \uppercase{D}eep 
\uppercase{B}lue aerosol products",
AUTHOR="P. Ginoux and J. M. Prospero and T. E. Gill and N. C. Hsu and M. Zhao",
JOURNAL="Reviews of Geophysics",
YEAR="2012",
VOLUME="50",
PAGES="DOI: 10.1029/2012RG000388")

@article(ref:GinouxEtAl2010,
TITLE="Identification of anthropogenic and natural dust sources using 
\uppercase{M}oderate \uppercase{R}esolution \uppercase{I}maging
\uppercase{S}pectroradiometer (\uppercase{MODIS}) \uppercase{D}eep
\uppercase{B}lue level 2 data",
AUTHOR="P. Ginoux and D. Garbuzov and N. C. Hsu",
JOURNAL="Journal of Geophysical Research",
YEAR="2010",
VOLUME="115",
PAGES="doi:10.1029/2009JD012398")

@article(ref:GinouxEtAl2001,
TITLE="Sources and distributions of dust aerosols simulated with the
\uppercase{GOCART} model",
AUTHOR="P. Ginoux and M. Chin and I. Tegen and J. Prospero and B. Holben and 
O. Dubovik and S.-J. Lin",
JOURNAL="Journal of Geophysical Research",
YEAR="2001",
VOLUME="106",
PAGES="20225-20273")

@misc(ref:GsdsuUserGuide,
AUTHOR="Toshi Matsui and Eric Kemp",
TITLE="Goddard \uppercase{S}atellite \uppercase{D}ata \uppercase{S}imulator \uppercase{U}nit (\uppercase{G-SDSU}) Version 3.5.1",
YEAR="2016",
NOTE="NASA Goddard Space Flight Center, 29pp."
)

@misc(ref:GRADUserGuide,
AUTHOR="Toshi Matsui and Jossy P. Jacob",
TITLE="Goddard Radiation Scheme for \uppercase{NU-WRF} Version 2014 ",
YEAR="2014",
NOTE="NASA Goddard Space Flight Center, 4pp.")

@article(ref:GrellFreitas2014,
TITLE="A scale and aerosol aware stochastic convective parameterization for weather and air quality modeling",
AUTHOR="G. A. Grell and S. R. Freitas",
JOURNAL="Atmospheric Chemistry and Physics",
YEAR="2014",
VOLUME="14",
PAGES="5233--5250, doi:10.5194/acp-14-5233-2014")

@article(ref:HongEtAl2006,
TITLE="A new vertical diffusion package with an explicit treatment of entrainment processes",
AUTHOR="Song-You Hong and Yign Noh and Jimy Dudhia",
JOURNAL="Monthly Weather Review",
YEAR="2006",
VOLUME="134",
PAGES="2318--2006")

@misc(ref:HycomUserGuide,
TITLE="\uppercase{HY}brid \uppercase{C}oordinate \uppercase{O}cean \uppercase{M}odel (\uppercase{HYCOM}) User's Manual",
AUTHOR="R. Bleck and G. Halliwell and A. Wallcraft and S. Carroll and K. Kelly and K. Rushing",
YEAR="2002",
NOTE="HYCOM consortium, 199pp. [Available online at http://hycom.org/attachments/063\_hycom\_users\_manual.pdf]")

@article(ref:Janjic1994,
TITLE="The Step-Mountain Eta Coordinate Model: \uppercase{F}urther developments of the convection, viscous sublayer, and turbulence closure schemes",
AUTHOR="Zavisa I. Janji\'{c}",
JOURNAL="Monthly Weather Review",
YEAR="1994",
VOLUME="122",
PAGES="927--945")

@article(ref:JimenezDudhia2012,
TITLE="Improving the representation of resolved and unresolved topographic effects on surface wind in the \uppercase{WRF} model",
AUTHOR="Pedro A. Jim\'{e}nez and Jimy Dudhia",
JOURNAL="Journal of Applied Meteorology and Climatology",
YEAR="2012",
VOLUME="51",
PAGES="300--316, DOI:10.1175/JAMC-D-11-084.1")

@article(ref:Kain2004,
TITLE="The \uppercase{K}ain-\uppercase{F}ritsch Convective Parameterization: \uppercase{A}n Update",
AUTHOR="John S. Kain",
JOURNAL="Journal of Applied Meteorology",
YEAR="2004",
VOLUME="43",
PAGES="170--181")

@article(ref:KishchaEtAl2014,
TITLE="Air pollution over the \uppercase{G}anges basin and northwest 
\uppercase{B}ay of \uppercase{B}engal in the early postmonsoon season based on
\uppercase{NASA} \uppercase{MERRA}ero data",
AUTHOR="P. Kishcha and A. M. da Silva and B. Starobinets and P. Albert",
JOURNAL="Journal of Geophysical Research: Atmospheres",
YEAR="2014",
VOLUME="119",
PAGES="1555--1570, doi:10.1002/2013JD020328")

@article(ref:KnievelEtAl2007,
TITLE="Explicit Numerical Diffusion in the \uppercase{WRF} Model",
AUTHOR="Jason C. Knievel and George H. Bryan and Joshua P. Hacker",
JOURNAL="Monthly Weather Review",
YEAR="2007",
VOLUME="135",
PAGES="3808--3824, DOI: 10.1175/2007MWR2100.1")

@article(ref:KosterEtAl2000,
TITLE="A catchment-based approach to modeling land surface processes in a 
general circulation model: 1. \uppercase{M}odel structure",
AUTHOR="R. D. Koster and M. J. Suarez and A. Ducharne and M. Stieglitz and P. Kumar",
JOURNAL="Journal of Geophysical Research: Atmospheres",
YEAR="2000",
VOLUME="105",
PAGES="24809--24822, doi:10.1029/2000JD900327")

@article(ref:KumarEtAl2006,
AUTHOR="S. V. Kumar and C. D. Peters-Lidard and Y. Tian and P. R. Houser and
J. Geiger and S. Olden and L. Lighty and J. L. Eastman and B. Doty and P. 
Dirmeyer and J. Adams and K. Mitchell and E. F. Wood and J. Sheffield",
TITLE="An interoperable framework for high resolution land surface modeling",
JOURNAL="Environmental Modeling and Software",
YEAR="2006",
VOLUME="21",
PAGES="1402--1415, doi:10.1016/j.envsoft.2005.07.004")

@article(ref:LangEtAl2014,
AUTHOR="S. E. Lang and W.-K. Tao and J.-D. Chern and D. Wu and X. Li",
TITLE="Benefits of a fourth ice class in the simulated radar reflectivities of
convective systems using a bulk microphysics scheme",
JOURNAL="Journal of the Atmospheric Sciences",
YEAR="2014",
VOLUME="71",
PAGES="3583â€“3612, doi: http://dx.doi.org/10.1175/JAS-D-13-0330.1")

@misc(ref:LdtUserGuide,
AUTHOR="NASA",
TITLE="\uppercase{LDT} 7.1rp3 Users' Guide",
YEAR="2016",
NOTE="NASA Goddard Space Flight Center, 129pp. [Available online at http://lis.gsfc.nasa.gov/documentation/lis]")

@misc(ref:LisUserGuide,
AUTHOR="NASA",
TITLE="\uppercase{LIS} 7.1 Users' Guide",
YEAR="2015",
NOTE="NASA Goddard Space Flight Center, 174pp. [Available online at http://lis.gsfc.nasa.gov/documentation/lis]")

@misc(ref:LvtUserGuide,
AUTHOR="NASA",
TITLE="\uppercase{LVT} 7.1 rp1 Users' Guide",
YEAR="2015",
NOTE="NASA Goddard Space Flight Center, 78pp. [Available online at http://lis.gsfc.nasa.gov/documentation/lvt]")

@article(ref:MatsuiEtAl2009,
TITLE="Evaluation of long-term cloud-resolving model simulations using 
satellite radiance observations and multifrequency satellite simulators",
AUTHOR="T. Matsui and X. Zeng and W.-K. Tao and H. Masunaga and W. S. Olson 
and S. Lang",
JOURNAL="Journal of Atmospheric and Oceanic Technology",
YEAR="2009",
VOLUME="26",
PAGES="1261-1274")

@article(ref:MatsuiEtAl2013,
TITLE="\uppercase{GPM} satellite simulator over ground validation sites",
AUTHOR="T. Matsui and T. Iguchi and X. Li and M. Han and W.-K. Tao and 
W. Petersen and T. L'Ecuyer and R. Meneghini and W. Olson and C. D.
Kummerow and A. Y. Hou and M. R. Schwaller and E. F. Stocker and
J. Kwiatkowski",
JOURNAL="Bulletin of the American Meteorological Society",
VOLUME="94",
YEAR="2013",
PAGES="1653--1660, doi:http://dx.doi.org/10.1175/BAMS-D-12-00160.1")

@article(ref:MatsuiEtAl2014,
TITLE="Introducing multi-sensor satellite radiance-based evaluation for
regional \uppercase{E}arth system modeling",
AUTHOR="T. Matsui and J. Santanello and J. J. Shi and W.-K. Tao and D. Wu and
C. Peters-Lidard and E. Kemp and M. Chin and D. Starr and M. Sekiguchi and
F. Aires",
JOURNAL="Journal of Geophysical Research: Atmospheres",
YEAR="2014",
VOLUME="119",
PAGES="8450--8475, doi:10.1002/2013JD021424")

@misc(ref:MetUserGuide,
AUTHOR="DTC",
TITLE="Model \uppercase{E}valuation \uppercase{T}ools \uppercase{V}ersion 5.1 (\uppercase{MET}v5.1) User's Guide",
YEAR="2015",
NOTE="Developmental Testbed Center, Boulder, CO, 317pp. [Available online at http://www.dtcenter.org/met/users/docs/users\_guide/MET\_Users\_Guide\_v5.1.pdf]")

@misc(ref:NdviBareness4WrfUserGuide,
AUTHOR="Eric Kemp",
TITLE="User Guide for Diagnosing Surface Bareness from \uppercase{NDVI} for \uppercase{NU-WRF}",
YEAR="2016",
NOTE="NASA Goddard Space Flight Center, 10pp")

@article(ref:PetersLidardEtAl2007,
TITLE="High-performance \uppercase{E}arth system modeling with 
\uppercase{NASA/GSFC}'s \uppercase{L}and \uppercase{I}nformation
\uppercase{S}ystem",
AUTHOR="C. D. Peters-Lidard and P. R. Houser and Y. Tian and S. V. Kumar and
J. Geiger and S. Olden and L. Lighty and B. Doty and P. Dirmeyer and J. Adams
and K. Mitchell and E. F. Wood and J. Sheffield",
JOURNAL="Innovations in Systems and Software Engineering",
YEAR="2007",
VOLUME="3",
PAGES="157--165, doi:10.1007/s11334-007-0028-x")

@article(ref:PetersLidardEtAl2014,
TITLE="Integrated modeling of aerosol, cloud, precipitation, and land processes
at satellite-resolved scales with a \uppercase{NASA} \uppercase{U}nified
\uppercase{W}eather \uppercase{R}esearch and \uppercase{F}orecasting model",
AUTHOR="C. D. Peters-Lidard and E. M. Kemp and T. Matsui and 
Santanello, Jr., J. A. and S. V. Kumar and J. P. Jacob and T. Clune and 
W.-K. Tao and M. Chin and A. Hou and J. L. Case and D. Kim and K.-M. Kim and 
W. Lau and Y. Liu and J. Shi and D. Starr and Q. Tan and Z. Tao and 
B. Zaitchik and B. Zavodsky and S. Q. Zhang and M. Zupanski",
JOURNAL="Environmental Modeling and Software",
YEAR="2015",
VOLUME="67",
PAGES="149--159, doi:10.1016/j.envsoft.2015.01.007")

@misc(ref:QfedDocumentation,
TITLE="The \uppercase{Q}uick \uppercase{F}ire \uppercase{E}missions \uppercase{D}ataset (\uppercase{QFED}) - \uppercase{D}ocumentation of versions 2.1, 2.2, and 2.4",
AUTHOR="A. S. Darmenov and A. da Silva",
YEAR="2013",
NOTE="NASA Goddard Space Flight Center, Technical Report Series on Global Modeling and Assimilation, Vol 32, 174 pp.")

@misc(ref:RandersonEtAl2015,
TITLE="Global \uppercase{F}ire \uppercase{E}missions \uppercase{D}atabase, version 4 (\uppercase{GFED}v4). \uppercase{D}ata set",
AUTHOR="J. T. Randerson and G. R. van der Werf and L. Giglio and G. J. Collatz and P. S. Kasibhatla",
YEAR="2015",
NOTE="Available on-line [http://daac.ornl.gov/] from Oak Ridge National Laboratory Distributed Active Archive Center, Oak Ridge, Tennessee, USA.")


@misc(ref:RandersonEtAl2013,
TITLE="Global \uppercase{F}ire \uppercase{E}missions \uppercase{D}atabase, version 3 (\uppercase{GFED}v3.1). \uppercase{D}ata set",
AUTHOR="J. T. Randerson and G. R. van der Werf and L. Giglio and G. J. Collatz and P. S. Kasibhatla",
YEAR="2013",
NOTE="Available on-line [http://daac.ornl.gov/] from Oak Ridge National Laboratory Distributed Active Archive Center, Oak Ridge, Tennessee, USA.")

@misc(ref:RieneckerEtAl2008,
TITLE="The \uppercase{GEOS}-5 Data Assimilation System -- \uppercase{D}ocumentation of Versions 5.0.1, 5.1.0, and 5.2.0",
AUTHOR="M. M. Rienecker and M. J. Suarez and R. Todling and J. Bacmeister and L. Takacs and H.-C. Liu and W. Gu and M. Sienkiewicz and R. D. Koster and R. Gelaro and I. Stajner and J. E. Nielsen",
YEAR="2008",
NOTE="NASA Goddard Space Flight Center, Technical Report Series on Global Modeling and Assimilation, Vol 27, 118 pp. [Available online at http://gmao.gsfc.nasa.gov/pubs/docs/tm27.pdf]")

@article(ref:RieneckerEtAl2011,
TITLE="\uppercase{MERRA} -- \uppercase{NASA}'s 
\uppercase{M}odern-\uppercase{E}ra \uppercase{R}etrospective 
\uppercase{A}nalysis for \uppercase{R}esearch and \uppercase{A}pplications",
AUTHOR="M. M. Rienecker and M. J. Suarez and R. Gelaro and R. Todling and J. Bacmeister and E. Liu and M. G. Bosilovich and S. D. Schubert and L. Takacs and G.-K. Kim and S. Bloom and J. Chen and D. Collins and A. Conaty and A. da Silva and W. Gu and J. Joiner and R. D. Koster and R. Lucchesi and A. Molod and T. Owens and S. Pawson and P. Pegion and C. R. Redder and R. Reichle and F. R. Robertson and A. G. Ruddick and M. Sienkiewicz and J. Woollen",
JOURNAL="Journal of Climate",
YEAR="2011",
VOLUME="24",
PAGES="3624--3648")

@misc(ref:RipUserGuide,
TITLE="A Users' Guide to \uppercase{RIP} Version 4: A Program for Visualizing Mesoscale Model Output",
AUTHOR="Mark T. Stoelinga",
YEAR="2006",
NOTE="Web document. [Available online at https://www.mmm.ucar.edu/mm5/documents/ripug\_V4.html]")

@article(ref:ShiEtAl2014,
TITLE="Implementation of an aerosol-cloud-microphysics-radiation coupling into
the \uppercase{NASA} \uppercase{U}nified \uppercase{WRF}: 
\uppercase{S}imulation results for the 6-7 \uppercase{A}ugust 2006 
\uppercase{AMMA} Special Observing Period",
AUTHOR="J. J. Shi and T. Matsui and W.-K. Tao and Q. Tan and C. Peters-Lidard
and M. Chin and K. Pickering and N. Guy and S. Lang and E. M. Kemp",
JOURNAL="Quarterly Journal of the Royal Meteorological Society",
YEAR="2014",
PAGES="DOI: 10.1002/qj.2286")

@article(ref:SeemannEtAl2008,
TITLE="Development of a global infrared land surface emissivity database for
application to clear sky sounding retrievals from multispectral satellite 
radiance measurements",
AUTHOR="Suzanne W. Seemann and Eva E. Borbas and Robert O. Knuteson and Gordon
R. Stephenson and Hung-Lung Huang",
JOURNAL="Journal of Applied Meteorology and Climatology",
YEAR="2008",
PAGES="108--123, DOI: 10.1175/2007JAMC1590.1")

@misc(ref:SkamarockEtAl2008,
AUTHOR="William C. Skamarock and Joseph B. Klemp and Jimy Dudhia and David O. 
Gill and Dale M. Barker and Michael G. Duda and Xiang-Yu Huang and Wei Wang 
and Jordan G. Powers",
TITLE="A description of the \uppercase{A}dvanced \uppercase{R}esearch \uppercase{WRF} Version 3",
YEAR="2008",
NOTE="\uppercase{NCAR} \uppercase{T}echnical \uppercase{N}ote, \uppercase{NCAR/TN-475+STR}, 113pp. [Available online at http://www.mmm.ucar.edu/wrf/users/docs/arw\_v3.pdf]")

@misc(ref:TallapragadaEtAl2013,
AUTHOR="V. Tallapragada and L. Bernardet and S. Gopalakrishnan and Y. Kwon and
Q. L. Liu and T. Marchok and M. Tong and R. Tuleya and R. Yablonsky and X. 
Zhang",
TITLE="Hurricane \uppercase{W}eather \uppercase{R}esearch and 
\uppercase{F}orecasting (\uppercase{HWRF}) Model: 2013 
Scientific Documentation. \uppercase{A}ugust 2013 -- \uppercase{HWRF} v3.5a",
YEAR="2013",
NOTE="Developmental Testbed Center Technical Report, 99pp. [Available online at http://www.emc.ncep.noaa.gov/HWRF/HWRFScientificDocumentation2013.pdf]")

@misc(ref:UppUserGuide,
TITLE="User's Guide for the \uppercase{NCEP U}nified \uppercase{P}ost \uppercase{P}rocessor (\uppercase{UPP}) Version 3",
AUTHOR="DTC",
YEAR="2015",
NOTE="Developmental Testbed Center, Boulder, CO, 34pp. [Available online at http://www.dtcenter.org/upp/users/docs/user\_guide/V3/upp\_users\_guide.pdf]")

@article(ref:VanDerWerfEtAl2010,
TITLE="Global fire emissions and the contribution of deforestation, savanna, forest, agricultural, and peat fires (1997-2009)",
AUTHOR="G. R. van der Werf and J. T. Randerson and L. Giglio and G. J. Collatz and M. Mu and P. S. Kasibhatla and D. C. Morton and R. S. DeFries and Y. Jin and T. T. van Leeuwen",
JOURNAL="Atmospheric Chemistry and Physics",
YEAR="2010",
VOLUME="10",
PAGES="11707--11735")

@article(ref:WangEtAl2009,
TITLE="Evaluation of scalar advection schemes in the \uppercase{A}dvanced \uppercase{R}esearch \uppercase{WRF} model using large-eddy simulations of aerosol-cloud interactions",
AUTHOR="Hailong Wang and William C. Skamarock and Graham Feingold",
JOURNAL="Monthly Weather Review",
YEAR="2009",
VOLUME="137",
PAGES="2547--2558, DOI:10.1175/2009MWR2820.1")

@misc(ref:WrfChemUserGuide,
TITLE="\uppercase{WRF/C}hem Version 3.7 User's Guide",
AUTHOR="Steven E Peckham and Georg A Grell and Stuart A McKeen and Ravan Ahmadov and Pallavi Marrapu and Mary Barth and Gabriele Pfister and Christine Wiedinmyer and Jerome D Fast and William I Gustafson and Steven J Ghan and Rahul Zaveri and Richard C Easter and James Barnard and Elaine Chapman and Michael Hewson and Rainer Schmitz and Marc Salzmann and Veronika Beck and Saulo R Freitas",
YEAR="2015",
NOTE="NOAA Earth System Research Laboratory, 75pp. [Available online at http://ruc.noaa.gov/wrf/WG11/Users\_guide.pdf]"
)

@misc(ref:WrfChemEmissionsGuide,
TITLE="\uppercase{WRF/C}hem Emissions Guide",
AUTHOR="Steven E Peckham and Georg A Grell and Stuart A McKeen and Ravan Ahmadov and Pallavi Marrapu and Mary Barth and Gabriele Pfister and Christine Wiedinmyer and Jerome D Fast and William I Gustafson and Steven J Ghan and Rahul Zaveri and Richard C Easter and James Barnard and Elaine Chapman and Rainer Schmitz and Veronika Beck and Saulo R Freitas",
YEAR="2015",
NOTE="NOAA Earth System Research Laboratory, 47pp. [Available online at http://ruc.noaa.gov/wrf/WG11/Emission\_guide.pdf]"
)

@misc(ref:WrfHydroUserGuide,
TITLE="The \uppercase{NCAR} \uppercase{WRF-H}ydro Technical Description and User's Guide",
AUTHOR="David Gochis and Wei Yu and David Yates",
YEAR="2013",
NOTE="National Center for Atmospheric Research, 120pp. [Available online at http://www.ral.ucar.edu/projects/wrf\_hydro/images/WRF\_Hydro\_Technical\_Description\_and User\_Guide\_v1.0.pdf]")

@article(ref:YangEtAl2013,
TITLE="Spectrally consistent scattering, absorption, and polarization 
properties of atmospheric ice crystals at wavelengths from 0.2 to 100 $\mu$m",
AUTHOR="Ping Yang and Bryan A. Baum and Kuo-Nan Liou and George W. Kattawar and
 Michael I. Mishchenko and Benjamin Cole",
JOURNAL="Journal of the Atmospheric Sciences",
YEAR="2013",
PAGES="330--347, DOI: 10.1175/JAS-D-12-039.1")

@misc(ref:ZhangEtAl2015,
TITLE="Assimilation of \uppercase{GPM} observations in \uppercase{NASA U}nified \uppercase{WRF EDAS}",
AUTHOR="Sara Zhang and Milija Zupanski and Samson Cheung and Philippe Chambon",
YEAR="2015",
NOTE="16th Annual WRF Users' Workshop, 15-19 June 2015, NCAR, Boulder, CO")

